@article{o2014cats,
    title={Do cats know they rule {Y}ouTube? {S}urveillance and the pleasures of cat videos},
    author={O'Meara, Radha},
    journal={M/C Journal},
    volume={17},
    number={2},
    year={2014}
}
